<record><leader>00000cas a22000007a 4500</leader><controlfield tag="001">18806784</controlfield><controlfield tag="008">881128d18941894nduwr ne      0    0eng d</controlfield><datafield ind1=" " ind2=" " tag="010"><subfield code="a">sn 88076716 </subfield></datafield><datafield ind1=" " ind2=" " tag="040"><subfield code="a">NOP</subfield><subfield code="b">eng</subfield><subfield code="c">NOP</subfield><subfield code="d">OCLCQ</subfield></datafield><datafield ind1=" " ind2=" " tag="042"><subfield code="a">msc</subfield></datafield><datafield ind1="0" ind2="0" tag="245"><subfield code="a">Grafton news-times.</subfield></datafield><datafield ind1=" " ind2=" " tag="260"><subfield code="a">Grafton, Walsh County, N.D. :</subfield><subfield code="b">W.D. Bates</subfield></datafield><datafield ind1=" " ind2=" " tag="300"><subfield code="a">1 v. :</subfield><subfield code="b">ill.</subfield></datafield><datafield ind1=" " ind2=" " tag="310"><subfield code="a">Weekly</subfield></datafield><datafield ind1="0" ind2=" " tag="362"><subfield code="a">Vol. 14, no. 1 (Jan. 25, 1894)-v. 14, no. 33 (Sept. 6, 1894).</subfield></datafield><datafield ind1=" " ind2=" " tag="530"><subfield code="a">Available on microfilm from the State Historical Society of North Dakota.</subfield></datafield><datafield ind1=" " ind2=" " tag="752"><subfield code="a">United States</subfield><subfield code="b">North Dakota</subfield><subfield code="c">Walsh</subfield><subfield code="d">Grafton.</subfield></datafield><datafield ind1="0" ind2="0" tag="780"><subfield code="t">Weekly news-times</subfield><subfield code="w">(DLC)sn 88076715</subfield></datafield><datafield ind1="0" ind2="0" tag="785"><subfield code="t">News and times (Grafton, N.D. : 1894)</subfield><subfield code="w">(DLC)sn 88076717</subfield></datafield></record>